@online{freenet,
    author = "Ian Clarke",
    title = "{What is Freenet?}",
    url  = "https://freenetproject.org/pages/about.html",
    addendum = "[accessed: 10.05.2021]",
    keywords = "freenet,broker"
}
@online{ecdh,
    author = "Svetlin Nakov",
    title = "{ECDH Key Exchange}",
    url  = "https://cryptobook.nakov.com/asymmetric-key-ciphers/ecdh-key-exchange",
    addendum = "[accessed: 16.05.2021]",
    keywords = "ECDH,KeyExchange"
}
@online{microEcc,
    author = "Ken MacKay",
    title = "{micro-ecc}",
    url  = "https://github.com/kmackay/micro-ecc",
    addendum = "[accessed: 16.05.2021]",
    keywords = "microEcc,Arduino"
}
@article{Project2,
    author = "Yannick Stebler",
    title = "{Freenet as a broker for IoT Data}",
    journal = "FCPv2 protocol",
    volume = "",
    number = "",
    pages = "13--19",
    year = "2020",
    keywords = "Project2"
}
@online{DHKeyExchange,
    author = "David Göthberg",
    title = "{DH Public-key cryptography}",
    url = "https://commons.wikimedia.org/w/index.php?curid=1028579",
    addendum = "[accessed: 06.06.2021]",
    keyword = "DH, KeyExchange"
}
@online{Diffie-Hellman_key_exchange,
    author = "Wikipedia",
    title = "{Diffie–Hellman key exchange}",
    url = "https://en.wikipedia.org/wiki/Diffie–Hellman_key_exchange",
    addendum = "[accessed 06.06.2021]",
    keyword = "DH, KeyExchange"
}
@online{Multiplicative_group_of_integers_modulo_n,
    author = "Wikipedia",
    title = "{Multiplicative group of integers modulo n}",
    url = "https://en.wikipedia.org/wiki/Multiplicative_group_of_integers_modulo_n",
    addendum = "[accessed 06.06.2021]",
    keyword = "Multiplicative group of integers modulo n"
}
@online{Primitive_root_modulo_n,
    author = "Wikipedia",
    title = "{Primitive root modulo n}",
    url = "https://en.wikipedia.org/wiki/Primitive_root_modulo_n",
    addendum = "[accessed 06.06.2021]",
    keyword = "Primitiv Root Modulo N"
}
@Inbook{Robshaw2011,
author="Robshaw, Matthew J. B.",
editor="van Tilborg, Henk C. A.
and Jajodia, Sushil",
title="One-Way Function",
bookTitle="Encyclopedia of Cryptography and Security",
year="2011",
publisher="Springer US",
address="Boston, MA",
pages="887--888",
isbn="978-1-4419-5906-5",
doi="10.1007/978-1-4419-5906-5_467",
url="https://doi.org/10.1007/978-1-4419-5906-5_467"
}
@online{ellipticCurves,
    author = "Wikipedia",
    title = "{Elliptic curve}",
    url = "https://en.wikipedia.org/wiki/Elliptic_curve",
    addendum = "[accessed 10.06.2021]",
    keyword = "Elliptic curve"
}
@article{ecc,
  author  = "Don Zagier", 
  title   = "{Elliptische kurven: Fortschritte und Anwendungen}",
  journal = "Elliptische Kurve",
  pages   = "{1--3}"
}
@online{EllipticCurves,
    author = "H. W. Lang, Hochschule Flensburg",
    title = "{Elliptische Kurven}",
    url = "https://www.inf.hs-flensburg.de/lang/krypto/grund/elliptische-kurven.htm",
    addendum = "[accessed 11.06.2021]",
    keyword = "Elliptic curve"
}
@article{ECDH,
    author= "Rakel Haakegaard and Joanna Lang",
    title = "{The Elliptic Curve Diffie-Hellman (ECDH)}",
    journal = "Description of ECDH",
    pages = "{1}"
}
@online{FCP,
    author = "",
    title = "{FCP v2 Protocol}",
    url = "https://github.com/freenet/wiki/wiki/FCPv2",
    addendum = "[accessed 16.05.2021]",
    keyword = "FCPv2Protocol"
}
@online{Ellipticcurves,
    author = "John D. Cook",
    title = "{A tale of two elliptic curves}",
    url = "https://www.johndcook.com/blog/2018/08/21/a-tale-of-two-elliptic-curves/",
    addendum = "[accessed 12.06.2021]",
    keyword="secp256r1"
}
@online{NISTP256,
    author = "Prof Bill Buchanan",
    title = "{NIST P256}",
    url = "https://billatnapier.medium.com/barebones-p256-1700ff5a4",
    addendum = "[accessed 12.06.2021]",
    keyword = "NISTP256"
}